%referências bibliográficas

%o nome do arquivo deve ser salvo no formato .bib

%está sendo preenchido esses detalhes das referências (já vi casos de preencher com outros parâmetros também, mas vou me ater ao exemplo que o vídeo ensina)

@book{meuatalho,
title="Aqui vem o título",
author="Nome do Autor",
publisher="Editora A",
address="Cidade",
year="2015"
}

@article{meuartigo,
title="Aqui vem o título do artigo",
author="Nome do Autor",
journal="Revista A",
year="2015"
}